#List of references for Frisbee Honors Thesis

@article{frisorigins,
   author={Gerald Griggs},
   title={The Origins and Development of Ultimate Frisbee},
   journal={The Sport Journal},
   volume={19},
   year=2009,
}

@article{iocrecognition,
    author    = "Dan Gartland",
    title     = "Ultimate Frisbee recognized by International Olympic Committee",
    journal   = "Sports Illustrated",
    year      = "2015",
    month    = "August",
}

@misc{frisstats,
 author = {{World Flying Disc Federation}},
 title = {History of the Frisbee},
 howpublished = {\url{http://www.wfdf.org/history-stats/history-of-flying-disc/4-history-of-the-frisbee}},
 note = "[Online; accessed 17-May-2017]"
}

@mastersthesis{H3,
  author    = "Sarah Ann Hummel",
  title   = "Frisbee Flight Simulation and Throw Biomechanics",
  school    = "University of California, Davis",
  year    = "2003",
}

@article{pottsandcrowther2007,
    author    = "W.J. Crowther and J.R. Potts",
    title     = "Simulation of a spin-stabilised sports disc",
    journal   = "Sports Engineering",
    year      = "2007",
    volume    = "10",
    pages     = "3-21"
}

@article{lorenz2004,
    author    = "Ralph D. Lorenz",
    title     = "Flight and attitude dynamics measurements of an instrumented Frisbee",
    journal   = "Measurement Science Technology",
    year      = "2005",
    volume    = "16",
    pages     = "738-748"
}

@article{morrison,
    author    = "V.R. Morrison",
    title     = "The Physics of Frisbees",
    journal   = "Electronic Journal of Classical Mechanics and Relativity",
    year      = "2005",
}

@article{yasuda,
    author    = "K. Yasuda",
    title     = "Flight and Aerodynamics of a Flying Disk",
    journal   = "Japanese Society for Aeronautical and Space Sciences",
    year      = "1999",
    pages = "16-22",
    volume = "47",
}

@mastersthesis{mitchell,
  author    = "T.L. Mitchell",
  title   = "The aerodynamic response of airborne discs",
  school    = "University of Nevada, Las Vegas",
  year    = "1999",
}

@inproceedings{hubbardandhummel,
  title={Simulation of Frisbee flight},
  author={Hubbard, M and Hummel, SA},
  booktitle={5th Conference on Mathematics and Computers in Sport, University of Technology, Sydney},
  pages={124--134},
  year={2000}
}

@book{gps,
  title={Classical Mechanics},
  author={Goldstein, Herbert and Poole, Charles P and Safko, John L},
  year={2014},
  publisher={Pearson Higher Ed},
}

@article{stilleyandcarstens,
  title={Adaptation of the frisbee flight principle to delivery of special ordnance},
  author={G. Stilley and D. Carstens},
  year={1972},
  journal={2nd Atmospheric Flight Mechanics Conference},
  pages={982},
}

@article{hogg2010data,
  title={Data analysis recipes: Fitting a model to data},
  author={Hogg, David W and Bovy, Jo and Lang, Dustin},
  journal={arXiv preprint arXiv:1008.4686},
  year={2010},
}